<record xmlns="http://www.loc.gov/MARC21/slim" xmlns:xsi="http://www.w3.org/2001/XMLSchema-instance" xsi:schemaLocation="http://www.loc.gov/MARC21/slim http://www.loc.gov/standards/marcxml/schema/MARC21slim.xsd"><leader>01597nam a2200349   4500</leader><controlfield tag="001">002289670</controlfield><controlfield tag="003">NNU</controlfield><controlfield tag="006">m        d        </controlfield><controlfield tag="007">cr cn |||m|||a</controlfield><controlfield tag="008">150116s1947    ua h    o     000 1 arar</controlfield><datafield ind1=" " ind2=" " tag="040"><subfield code="a">NNU</subfield><subfield code="b">eng</subfield><subfield code="c">NNU</subfield></datafield><datafield ind1=" " ind2="0" tag="050"><subfield code="a">PJ7850.U9</subfield><subfield code="b">H3 1947</subfield></datafield><datafield ind1=" " ind2=" " tag="066"><subfield code="c">(3</subfield></datafield><datafield ind1=" " ind2=" " tag="090"><subfield code="a">PJ7850.U9</subfield><subfield code="b">H3 1947</subfield></datafield><datafield ind1="1" ind2=" " tag="100"><subfield code="6">880-01</subfield><subfield code="a">Muwayli&#7717;&#299;, Mu&#7717;ammad</subfield></datafield><datafield ind1="1" ind2="0" tag="245"><subfield code="6">880-02</subfield><subfield code="a">&#7716;ad&#299;th &#699;Is&#225; ibn Hish&#257;m, aw, fitrah min al-zaman</subfield><subfield code="h">[electronic resource] /</subfield><subfield code="c">li-munshi&#700;hi Mu&#7717;ammad al-Muwayli&#7717;&#299;.</subfield></datafield><datafield ind1=" " ind2=" " tag="250"><subfield code="6">880-03</subfield><subfield code="a">al-&#7788;ab&#699;ah 7.</subfield></datafield><datafield ind1=" " ind2=" " tag="260"><subfield code="6">880-04</subfield><subfield code="a">Mi&#7779;r :</subfield><subfield code="b">D&#257;r al-Ma&#699;&#257;rif,</subfield><subfield code="c">[1947]</subfield></datafield><datafield ind1=" " ind2=" " tag="300"><subfield code="a">online resource (12, 318 p.) :</subfield><subfield code="b">facsim.</subfield></datafield><datafield ind1=" " ind2=" " tag="500"><subfield code="a">"al-Ri&#7717;lah al-th&#257;n&#299;ayh": p. 255-318.</subfield></datafield><datafield ind1=" " ind2=" " tag="500"><subfield code="a">Part of the Arabic Collections Online (ACO) project, contributed by New York Univeristy Libraries.</subfield></datafield><datafield ind1=" " ind2=" " tag="533"><subfield code="a">Electronic reproduction.</subfield><subfield code="b">New York, N.Y. :</subfield><subfield code="c">New York University,</subfield><subfield code="d">2015.</subfield><subfield code="5">NNU</subfield></datafield><datafield ind1="2" ind2=" " tag="710"><subfield code="a">New York University.</subfield><subfield code="b">Libraries.</subfield></datafield><datafield ind1="0" ind2=" " tag="730"><subfield code="a">Arabic Collections Online.</subfield></datafield><datafield ind1="0" ind2="8" tag="776"><subfield code="i">Print version:</subfield><subfield code="a">Muwayli&#7717;&#299;, Mu&#7717;ammad 880-01</subfield><subfield code="t">&#7716;ad&#299;th &#699;Is&#225; ibn Hish&#257;m, aw, fitrah min al-zaman</subfield><subfield code="w">(NNU)002289670</subfield><subfield code="w">(DLC)ne 64003033</subfield></datafield><datafield ind1="4" ind2="0" tag="856"><subfield code="u">http://hdl.handle.net/2333.1/8cz8wcqv</subfield></datafield><datafield ind1="1" ind2=" " tag="880"><subfield code="6">100-01/</subfield><subfield code="a">&#1605;&#1608;&#1610;&#1604;&#1581;&#1610;&#1548; &#1605;&#1581;&#1605;&#1583;.</subfield></datafield><datafield ind1="1" ind2="0" tag="880"><subfield code="6">245-02/</subfield><subfield code="a">&#1581;&#1583;&#1610;&#1579; &#1593;&#1610;&#1587;&#1609; &#1576;&#1606; &#1607;&#1588;&#1575;&#1605;&#1548; &#1575;&#1608;&#1548; &#1601;&#1578;&#1585;&#1577; &#1605;&#1606; &#1575;&#1604;&#1586;&#1605;&#1606; /</subfield><subfield code="c">&#1604;&#1605;&#1606;&#1588;&#1574;&#1607; &#1605;&#1581;&#1605;&#1583; &#1575;&#1604;&#1605;&#1608;&#1610;&#1604;&#1581;&#1610;.</subfield></datafield><datafield ind1=" " ind2=" " tag="880"><subfield code="6">250-03/</subfield><subfield code="a">&#1575;&#1604;&#1591;&#1576;&#1593;&#1577; &#1639;.</subfield></datafield><datafield ind1=" " ind2=" " tag="880"><subfield code="6">260-04/</subfield><subfield code="a">&#1605;&#1589;&#1585; &#1563;</subfield><subfield code="b">&#1583;&#1575;&#1585; &#1575;&#1604;&#1605;&#1593;&#1575;&#1585;&#1601;&#1548;</subfield><subfield code="c">[&#1633;&#1641;&#1636;&#1639;]</subfield></datafield><datafield ind1=" " ind2=" " tag="959"><subfield code="a">NNU</subfield><subfield code="b">WEB</subfield><subfield code="c">GENI</subfield><subfield code="t">0</subfield><subfield code="m">Electronic access</subfield><subfield code="s">01</subfield></datafield><datafield ind1=" " ind2=" " tag="999"><subfield code="i">NNU_002289670</subfield><subfield code="o" /></datafield></record>